@article{ref4, title={Strategies for {Detection} of {Correlated} {Data} {Streams}}, DOI={10.1145/3214708.3214714}, journal={Proceedings of the 5th International Workshop on Exploratory Search in Databases and the Web}, author={Alseghayer, Rakan and Petrov, Daniel and Chrysanthis, Panos K.}, year={2018}}

@article{ref1, title={{DCS}: A {Policy} {Framework} for the {Detection} of {Correlated} {Data} {Streams}}, DOI={10.1007/978-3-030-24124-7\_12}, journal={Real-Time Business Intelligence and Analytics Lecture Notes in Business Information Processing}, author={Alseghayer, Rakan and Petrov, Daniel and Chrysanthis, Panos K. and Sharaf, Mohamed and Labrinidis, Alexandros}, year={2019}, pages={191–210}}

@article{ref2, title={Detection of {Highly} {Correlated} {Live} {Data} {Streams}}, DOI={10.1145/3129292.3129298}, journal={Proceedings of the International Workshop on Real-Time Business Intelligence and Analytics}, author={Alseghayer, Rakan and Petrov, Daniel and Chrysanthis, Panos K. and Sharaf, Mohamed and Labrinidis, Alexandros}, year={2017}}

@article{ref13, title={{SigCO}: Mining {Significant} {Correlations} via a {Distributed} {Real-time} {Computation} {Engine}}, DOI={10.1109/bigdata.2015.7363819}, journal={2015 IEEE International Conference on Big Data}, author={Guo, Tian and Calbimonte, Jean-Paul and Zhuang, Hao and Aberer, Karl}, year={2015}}

@article{ref14, title={Fast {Distributed} {Correlation} {Discovery} Over {Streaming} {Time-Series} {Data}}, DOI={10.1145/2806416.2806440}, journal={Proceedings of the 24th ACM International on Conference on Information and Knowledge Management}, author={Guo, Tian and Sathe, Saket and Aberer, Karl}, year={2015}}

@article{ref10, title={{AMIC}: An {Adaptive} {Information} {Theoretic} {Method} to {Identify} {Multi-Scale} {Temporal} {Correlations} in {Big} {Time} {Series} {Data}}, DOI={10.1109/tbdata.2019.2907987}, journal={IEEE Transactions on Big Data}, author={Ho, Nguyen Thi Thao and Vo, Huy and Vu, Mai and Pedersen, Torben Bach}, year={2019}, pages={1–1}}

@article{ref7, title={An {Online} {Algorithm} for {Segmenting} {Time} {Series}}, DOI={10.1109/icdm.2001.989531}, journal={Proceedings 2001 IEEE International Conference on Data Mining}, year={2001}, author={Keogh, E. and Chu, S. and Hart, D. and Pazzani, M.}}

@article{ref12, title={Speed {Up} {Similarity} {Search} of {Time} {Series} Under {Dynamic} {Time} {Warping}}, DOI={10.1109/access.2019.2949838}, journal={IEEE Access}, author={Li, Zhengxin and Guo, Jiansheng and Li, Hailin and Wu, Tao and Mao, Sheng and Nie, Feiping}, year={2019}, pages={163644–163653}}

@article{ref3, title={Interactive {Exploration} of {Correlated} {Time} {Series}}, DOI={10.1145/3077331.3077335}, journal={Proceedings of the ExploreDB17}, author={Petrov, Daniel and Alseghayer, Rakan and Sharaf, Mohamed and Chrysanthis, Panos K. and Labrinidis, Alexandros}, year={2017}}

@article{ref6, title={{BRAID}: Stream {Mining} through {Group} {Lag} {Correlations}}, DOI={10.1145/1066157.1066226}, journal={Proceedings of the 2005 ACM SIGMOD international conference on Management of data}, author={Sakurai, Yasushi and Papadimitriou, Spiros and Faloutsos, Christos}, year={2005}}

@article{ref9, title={Guidelines for {Snowballing} in {Systematic} {Literature} {Studies} and a {Replication} in {Software} {Engineering}}, DOI={10.1145/2601248.2601268}, journal={Proceedings of the 18th International Conference on Evaluation and Assessment in Software Engineering}, author={Wohlin, Claes}, year={2014}}

@article{ref5, title={Local {Correlation} {Detection} with {Linearity} {Enhancement} in {Streaming} {Data}}, DOI={10.1145/2505515.2505746}, journal={Proceedings of the 22nd ACM international conference on Conference on information \& knowledge management}, author={Xie, Qing and Shang, Shuo and Yuan, Bo and Pang, Chaoyi and Zhang, Xiangliang}, year={2013}}

@article{ref11, DOI={10.1007/978-3-030-27618-8\_21},
author="Amagata, Daichi and Hara, Takahiro", title={Correlation {Set} {Discovery} on {Time-Series} {Data}},
journal="Database and Expert Systems Applications",
year="2019",
pages="275--290",
}

@article{ref17,
author = {Brent, Richard P.},
year = {2002},
title = {Algorithms for {Minimization} without {Derivatives}},
journal = {Englewood Cliffs, Prentice Hall},
doi = {10.2307/2005713}
}

@article{ref8,
author = {Lathi, Bhagwandas P.},
year = {1998},
title = {Signal {Processing} and {Linear} {Systems}},
journal = {Berkeley Cambridge Press},
url = {http://galia.fc.uaslp.mx/~mlr/Lathi1.pdf}
}

@article{ref16,
author = {Gehrke, Johannes and Madden, Samuel},
year = {2004},
pages = {46-55},
title = {Query {Processing} in {Sensor} {Networks}},
journal = {IEEE Pervasive Computing},
doi = {10.1109/MPRV.2004.1269131}
}

@article{ref15,
author = {Zhu, Yunyue and Shasha, Dennis},
year = {2002},
pages = {358-369},
title = {{StatStream}: Statistical {Monitoring} of {Thousands} of {Data} {Streams} in {Real} {Time}},
journal = {Proceedings of 28th VLDB Conference},
doi = {10.1016/B978-155860869-6/50039-1}
}

@article{ref18,
author = {Mueen, Abdullah and Nath, Suman and Liu, Jie},
year = {2010},
pages = {171-182},
title = {Fast {Approximate} {Correlation} for {Massive} {Time-Series} {Data}},
journal = {Proceedings of the ACM SIGMOD International Conference on Management of Data},
doi = {10.1145/1807167.1807188}
}

